@article{Ubeda2011,
    author = {{\'{U}}beda, F and Wilkins, J F},
    doi = {10.1111/j.1420-9101.2010.02187.x},
    file = {:home/diego/.local/share/data/Mendeley Ltd./Mendeley Desktop/Downloaded/Ubeda, Wilkins - 2011 - The Red Queen theory of recombination hotspots.pdf:pdf},
    issn = {1420-9101},
    journal = {Journal of evolutionary biology},
    keywords = {Alleles,Animals,Biological Evolution,Chromosomes,Chromosomes: genetics,Computer Simulation,Crossing Over, Genetic,DNA Repair,Female,Male,Meiosis,Meiosis: genetics,Models, Genetic,Mutation,Recombination, Genetic,Recombination, Genetic: genetics},
    number = {3},
    pages = {541--553},
    pmid = {21159001},
    title = {{The Red Queen theory of recombination hotspots.}},
    url = {http://www.ncbi.nlm.nih.gov/pubmed/21159001},
    volume = {24},
    year = {2011}
}
@article{Ubeda2019,
    author = {{\'{U}}beda, Francisco and Russell, Timothy W. and Jansen, Vincent A.A.},
    doi = {10.1016/j.tpb.2018.12.005},
    file = {:home/diego/Dropbox/Articles/Articulos/Ubeda{\_}2019{\_}Prdm9AndTheEvolutionOfRecombinationHotspots{\_}TheorPopBiol.pdf:pdf},
    issn = {10960325},
    journal = {Theoretical Population Biology},
    keywords = {Gene conversion,Heteroclinic cycles,PRDM9,Population genetics,Recombination hotspot paradox,Viability selection},
    pages = {19--32},
    publisher = {Elsevier Inc.},
    title = {{PRDM9 and the evolution of recombination hotspots}},
    url = {https://doi.org/10.1016/j.tpb.2018.12.005},
    volume = {126},
    year = {2019}
}
@article{Hartasanchez2014,
    author = {Hartas{\'{a}}nchez, Diego A and Vall{\`{e}}s-Codina, Oriol and Bras{\'{o}}-Vives, Marina and Navarro, Arcadi},
    doi = {10.1534/g3.114.012435},
    file = {:home/diego/Dropbox/Articles/Articulos/Hartasanchez{\_}2014{\_}InterplayOfInterlocusGeneConversionAndCrossoverInSegmentalDuplicationsUnderANeutralScenario{\_}G3.pdf:pdf},
    issn = {2160-1836},
    journal = {G3 (Bethesda)},
    pages = {1479--1489},
    pmid = {24906640},
    title = {{Interplay of Interlocus Gene Conversion and Crossover in Segmental Duplications Under a Neutral Scenario.}},
    url = {http://www.ncbi.nlm.nih.gov/pubmed/24906640},
    volume = {4},
    year = {2014}
}
@article{Baker2017,
    author = {Baker, Zachary and Schumer, Molly and Haba, Yuki and Bashkirova, Lisa and Holland, Chris and Rosenthal, Gil G. and Przeworski, Molly},
    doi = {10.7554/eLife.24133},
    file = {:home/diego/Dropbox/Articles/Articulos/Baker{\_}Przeworski{\_}2017{\_}RepeatedLossesOfPRDM9DirectedRecombinationDespiteTheConservationOfPRDM9AcrossVertebrates{\_}eLife.pdf:pdf},
    issn = {2050084X},
    journal = {eLife},
    pages = {e24133},
    title = {{Repeated losses of PRDM9-directed recombination despite the conservation of PRDM9 across vertebrates}},
    volume = {6},
    year = {2017}
}
@article{Oliver2009,
    author = {Oliver, Peter L. and Goodstadt, Leo and Bayes, Joshua J. and Birtle, Zo{\"{e}} and Roach, Kevin C. and Phadnis, Nitin and Beatson, Scott A. and Lunter, Gerton and Malik, Harmit S. and Ponting, Chris P.},
    doi = {10.1371/journal.pgen.1000753},
    file = {:home/diego/Dropbox/Articles/Articulos/Oliver{\_}Ponting{\_}2009{\_}AcceleratiedEvolutionOfThePrdm9SpeciationGeneAcrossDiverseMetazoanTaxa{\_}PlosGenetics.pdf:pdf},
    isbn = {1553-7404 (Electronic)$\backslash$r1553-7390 (Linking)},
    issn = {15537390},
    journal = {PLoS Genetics},
    number = {12},
    pages = {e1000753},
    title = {{Accelerated evolution of the Prdm9 speciation gene across diverse metazoan taxa}},
    volume = {5},
    year = {2009}
}
@article{Thomas2009,
    author = {Thomas, James H. and Emerson, Ryan O. and Shendure, Jay},
    doi = {10.1371/journal.pone.0008505},
    file = {:home/diego/Dropbox/Articles/Articulos/Thomas{\_}Shendure{\_}2009{\_}ExtraordinaryMolecularEvolutionInThePrdm9FertilityGene{\_}PlosOne.pdf:pdf},
    issn = {19326203},
    journal = {PLoS ONE},
    number = {12},
    title = {{Extraordinary molecular evolution in the PRDM9 fertility gene}},
    volume = {4},
    pages = {e8505},
    year = {2009}
}
@article{Grey2018,
    author = {Grey, Corinne AND Baudat, Frédéric AND de Massy, Bernard},
    journal = {PLOS Genetics},
    publisher = {Public Library of Science},
    title = {PRDM9, a driver of the genetic map},
    year = {2018},
    volume = {14},
    url = {https://doi.org/10.1371/journal.pgen.1007479},
    pages = {e1007479},
    number = {8},
    doi = {10.1371/journal.pgen.1007479}
}
@article{Groeneveld2012,
    author = {Groeneveld, Linn Fenna AND Atencia, Rebeca AND Garriga, Rosa M. AND Vigilant, Linda},
    journal = {PLOS ONE},
    publisher = {Public Library of Science},
    title = {High Diversity at {PRDM9} in Chimpanzees and Bonobos},
    year = {2012},
    volume = {7},
    url = {https://doi.org/10.1371/journal.pone.0039064},
    pages = {e39064},
    number = {7},
    doi = {10.1371/journal.pone.0039064}
}
@article{Yang2006,
    author = {Yang, Derek and Goldsmith, Edie B. and Lin, Yunfu and Waldman, Barbara Criscuolo and Kaza, Vimala and Waldman, Alan S.},
    doi = {10.1534/genetics.106.060590},
    issn = {00166731},
    journal = {Genetics},
    number = {1},
    pages = {135--144},
    pmid = {16816418},
    title = {{Genetic exchange between homeologous sequences in mammalian chromosomes is averted by local homology requirements for initiation and resolution of recombination}},
    volume = {174},
    year = {2006}
}
@article{Persikov2008,
    author = {Persikov, Anton V. and Singh, Mona and Osada, Robert},
    title = "{Predicting DNA recognition by {C}ys2{H}is2 zinc finger proteins}",
    journal = {Bioinformatics},
    volume = {25},
    number = {1},
    pages = {22--29},
    year = {2008},
    month = {11},
    issn = {1367-4803},
    doi = {10.1093/bioinformatics/btn580},
    url = {https://doi.org/10.1093/bioinformatics/btn580},
    eprint = {http://oup.prod.sis.lan/bioinformatics/article-pdf/25/1/22/16886957/btn580.pdf},
}
@article{Wolfe2000b,
    author = {Wolfe, Scot A. and Nekludova, Lena and Pabo, Carl O.},
    title = {DNA Recognition by {C}ys2{H}is2 Zinc Finger Proteins},
    journal = {Annual Review of Biophysics and Biomolecular Structure},
    volume = {29},
    number = {1},
    pages = {183-212},
    year = {2000},
    doi = {10.1146/annurev.biophys.29.1.183},
    URL = {https://doi.org/10.1146/annurev.biophys.29.1.183},
}
@article{Schwartz2014,
    author = {Schwartz, Jerrod J. and Roach, David J. and Thomas, James H. and Shendure, Jay},
    doi = {10.1038/ncomms5370},
    file = {:home/diego/Dropbox/Articles/Articulos/Schwartz{\_}Shendure{\_}2014{\_}PrimateEvolutionOfTheRecombinationRegulatorPrdm9{\_}NatComm.pdf:pdf},
    isbn = {2041-1723 (Electronic)$\backslash$r2041-1723 (Linking)},
    issn = {20411723},
    journal = {Nature Communications},
    pages = {4370},
    pmid = {25001002},
    publisher = {Nature Publishing Group},
    title = {{Primate evolution of the recombination regulator PRDM9}},
    url = {http://dx.doi.org/10.1038/ncomms5370},
    volume = {5},
    year = {2014}
}
@article{Latrille2017,
    author = {Latrille, Thibault and Duret, Laurent and Lartillot, Nicolas},
    doi = {10.1098/rstb.2016.0463},
    file = {:home/diego/Dropbox/Articles/Articulos/Latrille{\_}Lartillot{\_}2017{\_}TheRedQueenModelOfRecombinationHotSpotEvolutionATheoreticalInvestigation{\_}PhilTransB.pdf:pdf},
    isbn = {0000000299},
    issn = {14712970},
    journal = {Philosophical Transactions of the Royal Society B: Biological Sciences},
    keywords = {Biased gene conversion,PRDM9,Recombination,Red queen},
    number = {1736},
    title = {{The red queen model of recombination hot-spot evolution: A theoretical investigation}},
    volume = {372},
    year = {2017}
}
@article{Jeffreys2013,
    author = {Jeffreys, A. J. and Cotton, V. E. and Neumann, R. and Lam, K.-W. G.},
    doi = {10.1073/pnas.1220813110},
    file = {:home/diego/Dropbox/Articles/Articulos/Jeffreys{\_}2013{\_}RecombinationRegulatorPRDM9InfluencesTheInstabilityOfItsOwnCodingSequenceInHumans{\_}PNAS.pdf:pdf},
    isbn = {1091-6490 (Electronic)$\backslash$r0027-8424 (Linking)},
    issn = {0027-8424},
    journal = {Proceedings of the National Academy of Sciences of the United States of America},
    number = {2},
    pages = {600--605},
    pmid = {23267059},
    title = {{Recombination regulator PRDM9 influences the instability of its own coding sequence in humans}},
    volume = {110},
    year = {2013}
}
@article{Innan2003,
    author = {Innan, Hideki},
    doi = {10.1073/pnas.1031592100},
    file = {:home/diego/.local/share/data/Mendeley Ltd./Mendeley Desktop/Downloaded/Innan - 2003 - A two-locus gene conversion model with selection and its application to the human RHCE and RHD genes.pdf:pdf},
    issn = {0027-8424},
    journal = {Proceedings of the National Academy of Sciences of the United States of America},
    number = {15},
    pages = {8793--8798},
    pmid = {12857961},
    title = {{A two-locus gene conversion model with selection and its application to the human RHCE and RHD genes$\backslash$n10.1073/pnas.1031592100}},
    url = {http://www.pnas.org/cgi/content/abstract/100/15/8793 http://www.pubmedcentral.nih.gov/articlerender.fcgi?artid=166392{\&}tool=pmcentrez{\&}rendertype=abstract},
    volume = {100},
    year = {2003}
}
@article{Ohta1982,
    author = {Ohta, T},
    file = {:home/diego/.local/share/data/Mendeley Ltd./Mendeley Desktop/Downloaded/Ohta - 1982 - Allelic and nonallelic homology of a supergene family.pdf:pdf},
    issn = {0027-8424},
    journal = {Proceedings of the National Academy of Sciences of the United States of America},
    keywords = {Alleles,Gene Conversion,Genes,Genetic,Major Histocompatibility Complex,Polymorphism},
    month = {may},
    number = {10},
    pages = {3251--3254},
    pmid = {6954477},
    title = {{Allelic and nonallelic homology of a supergene family.}},
    url = {http://www.pubmedcentral.nih.gov/articlerender.fcgi?artid=346393{\&}tool=pmcentrez{\&}rendertype=abstract},
    volume = {79},
    year = {1982}
}